@online{PEP8,
author = {{van Rossum}, Guido 
      and {Warsaw}, Barry 
      and {Coghlan}, Nick },
title = {Style Guide for Python Code},
date = {2014-03-02},
url = {http://legacy.python.org/dev/peps/pep-0008/},
}
